@Book{Hellerman06,
author = {Hellerman, R.},
title = {Capacity options for revenue Management},
publisher = {Springer},
year = {2006},
}


@Misc{Act78,
title = {Airline Deregulation Act},
howpublished = {(USA)},
year = {1978},
}


@Phdthesis{Maragos94, 
author = "Spyridon A. Maragos",
title = "Yield management for the maritime industry", 
school = "Massachusetts Institute of Technology", 
year = "1994"
}

@article{Lee07, 
Author ="Lee, L. H. and Chew, E. P. and Sim, M. S.",
Year = "2007",
Title = "A heuristic to solve a sea cargo revenue management problem",
Journal = "OR Spectrum",
Volume =  "29",
Number = "1",
Pages = "123–-136",
issn="1436-6304",
doi="10.1007/s00291-005-0021-4",
url="https://doi.org/10.1007/s00291-005-0021-4"
}

@inproceedings{Bingzhou08,
author= "Li Bingzhou",
title="A stochastic model for dynamic capacity allocation of container shipping two-dimensional revenue management",
booktitle="Proceedings of the International Conference on Service Systems and Service Management",
year="2008",
pages={1--7},
doi={10.1109/ICSSSM.2008.4598539},
publisher={IEEE},
ISSN={2161-1904} 
}

@article{Zurheide15,
Author = {Zurheide, Sebastian and Fischer, Kathrin},
Title = {Revenue management methods for the liner shipping industry},
Journal = {Flexible Services and Manufacturing Journal},
Year = {2015},
Volume = {27},
Number = {2},
Pages = {200--223},
issn="1936-6590",
doi="10.1007/s10696-014-9192-0",
url="https://doi.org/10.1007/s10696-014-9192-0"
}

@article{Zhen17,
Author = "Lu Zhen and Shuaian Wang and Dan Zhuge",
title = "Analysis of three container routing strategies",
journal = "International Journal of Production Economics",
volume = "193",
pages = "259--271",
year = "2017",
issn = "0925-5273",
doi = "https://doi.org/10.1016/j.ijpe.2017.07.011",
url = "http://www.sciencedirect.com/science/article/pii/S0925527317302281"
}

@article{Wang19b,
title = "Overbooking and delivery-delay-allowed strategies for container slot allocation",
author = "Tingsong Wang and Zheng Xing and Hongtao Hu and Xiaobo Qu",
journal = "Transportation Research Part E: Logistics and Transportation Review",
volume = "122",
pages = "433--447",
year = "2019",
issn = "1366-5545",
doi = "https://doi.org/10.1016/j.tre.2018.12.019",
url = "http://www.sciencedirect.com/science/article/pii/S1366554518309189",
}

@article{Ting04,
author = { Shin-Chan Ting and Gwo-Hshiung Tzeng },
title = {An optimal containership slot allocation for liner shipping revenue management},
journal = {Maritime Policy \& Management},
volume = {31},
number = {3},
pages = {199--211},
year = {2004},
publisher = {Routledge},
doi = {10.1080/0308883032000209553},
URL = {https://doi.org/10.1080/0308883032000209553},
eprint = {https://doi.org/10.1080/0308883032000209553}
}

@article{Demirag07,
author = {Demirag, Ozgun Caliskan and Swann, Julie L.},
title = {Capacity allocation to sales agents in a decentralized logistics network},
journal = {Naval Research Logistics (NRL)},
volume = {54},
number = {7},
pages = {796--810},
year = {2007},
doi = "https://doi.org/10.1002/nav.20254"
}

@inproceedings{Xianzhi07,
Author = "Xiangzhi, B. and Rongqiu, C. and Li, L.",
Title = "Container Slot Allocation Model with Liner Shipping Revenue Management",
Booktitle = "ICM 2007, the 6th International Conference on management",
Year ="2007", 
Pages = "130--137"
}

@article{Feng08,
author = "Cheng-Min Feng and Chia-Hui Chang",
title = "Optimal Slot Allocation in Intra-Asia Service for Liner Shipping Companies",
journal = "Maritime Economics \& Logistics",
volume = "10",
number ="3",
pages = "295--309",
year = "2008",
issn="1479-294X",
doi="10.1057/mel.2008.6",
url="https://doi.org/10.1057/mel.2008.6"
}

@inproceedings{Feng07,
  title={An optimal slot allocation in intra asia service for liner shipping},
  author={Feng, Cheng-Min and Chow, I-Chang and Chang, Chia-Hui},
  booktitle={Proceedings of the Eastern Asia Society for Transportation Studies},
  volume={6},
  pages={386-386},
  year={2007},
  doi={10.11175/eastpro.2007.0.386.0}
}

@inproceedings{Zou08,
author={Zou, Hui  and Ding, Jingzhi},
booktitle={Proceedings of the 2008 IEEE International Conference on Service Operations and Logistics, and Informatics},
title={Analysis of capacity allocation for sea cargo based on revenue management},
year={2008},
volume={1},
pages={1399--1402},
doi={10.1109/SOLI.2008.4686620},
Publisher = "IEEE"
}

@article{Zurheide12,
Author = {Zurheide, Sebastian and Fischer, Kathrin},
Title = {A revenue management slot allocation model for liner shipping networks},
Journal = {Maritime Economics \& Logistics},
Year = {2012},
Volume = {14},
Number = {3},
Pages = {334--361},
Publisher = { Palgrave Macmillan UK },
issn = { 1479-294X}, 
doi = {https://doi.org/10.1057/mel.2012.11}  
}

@article{Wang15b,
author = "Yadong Wang and Qiang Meng and Yuquan Du",
title = "Liner container seasonal shipping revenue management",
journal = "Transportation Research Part B: Methodological",
volume = "82",
pages = "141--161",
year = "2015",
issn = "0191-2615",
doi = "https://doi.org/10.1016/j.trb.2015.10.003",
url = "http://www.sciencedirect.com/science/article/pii/S019126151500212X"
}

@article{Lu10,
Title = "Seasonal Slot Allocation planning for a container liner shipping service",
Author = "Hua-An Lu and Ching-Wu Chu and Pei-Yu Che",
Journal = "Journal of Marine Science and Technology", 
Volume = "18", 
Number ="1", 
Pages = "84--92" ,
year ="2010"
}

@article{Chang15,
Author = "Chang, Chia-Hui and Lan, Lawrence W. and Lee, Mee",
Title = "An integrated container management model for optimizing slot allocation plan and empty container repositioning",
Journal = "Maritime Economics \& Logistics",
Year ="2015",
Volume = "17",
Pages = "315--340",
Doi = "https://doi.org/10.1057/mel.2014.23",
Publisher="Palgrave Macmillan UK",
ISSN="1479-294X" 
}

@article{Song12,
title = "Cargo routing and empty container repositioning in multiple shipping service routes",
author = "Dong-Ping Song and Jing-Xin Dong",
journal = "Transportation Research Part B: Methodological",
volume = "46",
number = "10",
pages = "1556--1575",
year = "2012",
issn = "0191-2615",
doi = "https://doi.org/10.1016/j.trb.2012.08.003"
}

@article{Wang19a,
author = "Sainan Wang and Suixiang Gao and Tunzi Tan and Wenguo Yang",
title = "Bunker fuel cost and freight revenue optimization for a single liner shipping service",
journal = "Computers \& Operations Research",
volume = "111",
pages = "67--83",
year = "2019",
issn = "0305-0548",
doi = "https://doi.org/10.1016/j.cor.2019.06.003",
url = "http://www.sciencedirect.com/science/article/pii/S0305054819301637",
}

@article{Guericke15,
title = "Liner shipping cargo allocation with service levels and speed optimization",
author = "Stefan Guericke and Kevin Tierney",
journal = "Transportation Research Part E: Logistics and Transportation Review",
volume = "84",
pages = "40--60",
year = "2015",
issn = "1366-5545",
doi = "https://doi.org/10.1016/j.tre.2015.10.002",
url = "http://www.sciencedirect.com/science/article/pii/S1366554515001878",
}

@article{Akuyz16,
title = "Service type assignment and container routing with transit time constraints and empty container repositioning for liner shipping service networks",
author = "M. Hakan Aky{ü}z and Chung-Yee Lee",
journal = "Transportation Research Part B: Methodological",
volume = "88",
pages = "46--71",
year = "2016",
issn = "0191-2615",
doi = "https://doi.org/10.1016/j.trb.2016.02.007",
url = "http://www.sciencedirect.com/science/article/pii/S0191261515302137",
}

@article{Haidar14,
title = "Optimal solution for a cargo revenue management problem with allotment and spot arrivals",
author = "Moussawi-Haidar, Lama",
journal = "Transportation Research Part E: Logistics and Transportation Review",
volume = "72",
pages = "173--191",
year = "2014",
issn = "1366-5545",
doi = "https://doi.org/10.1016/j.tre.2014.10.006",
url = "http://www.sciencedirect.com/science/article/pii/S1366554514001732",
}


@inproceedings{fordan98,
author = {Fordan, Andreas and Yap, Roland},
year = {1998},
month = {01},
pages = {177-191},
title = {Early Projection in {CLP(R)}},
volume = {1520},
bookTitle={Proceedings of the Fourth International Conference on Principles and Practice of Constraint Programming}, 
}

@Misc{EC13,
title = {The humble hero},
howpublished = {Economist},
month = {May},
year = {2013},
}


@Article{JLFP93,
author = {Jones, K.L. and  Lustig, I.J. and Farwolden, J.M. and Powell, W.B.},
title = {Multicommodity Network Flows: The Impact of Formulation on Decomposition},
journal = {Mathematical Programming},
year = {1993},
volume = {62},
pages = {95--117}
}

@techreport{mytechrep,
  title={Using {F}ourier-{M}otzkin-Elimination to Derive Capacity Models of Container Vessels},
  author={Ajspur, Mai L. and Jensen, Rune M.},
  year={2017},
 Institution={IT University of Copenhagen},
 number={TR-2017-197},
series={ITU Technical Report Series}
}

@misc{fourier2,
	author={Fourier, J. B. J.}, 
	title={Solution d'une Question Particuli{\'e}re du Calcul des In{\'e}galit{\'e}s}, 
	year ={1826}
	}

@incollection{fourier1,
	author = {Fourier, J. B. J.},
	title={Reported in �Analyse des travaux de l'Acad{\'e}mie Royale des Sciences, pendant l'ann{\'e}e 1824, Partie math{\'e}matique�}, 
	bookTitle={Histoire de l'Acad{\'e}mie Royale des Sciences de l'Institut de France 7}, 
	pages={xlvii-lv},
	year={1827},
	note={Partial English translation in: D. A. Kohler, �Translation of a report by Fourier on his work on linear inequalities�, Opsearch 10, pages 38�42 (1973).}
}


@phdthesis{motzkin,
  title={Beitr{\"a}ge zur Theorie der Linearen Ungleichungen},
  author={Motzkin, Theodore S.},
  year={1936},
	school ={Universit{\"a}t Z{\"u}rich}
}

@techreport{kohler67,
  title={Projections of convex polyhedral sets},
  author={Kohler, David A.},
  year={1967},
	Publisher={University of California, Berkeley},
	institution={Operations Research Center, College of Engineering}
}

@article{chernikov65,
  title={The convolution of finite systems of linear inequalities},
  author={\v{C}ernikov, Sergei N.}, 
  journal={USSR Computational Mathematics and Mathematical Physics},
  volume={5},
  number={1},
  pages={1--24},
  year={1965},
  publisher={Elsevier}
}

@article{chernikov63,
  title={Contraction of Finite Systems of Linear Inequalities (in {R}ussian)},
  author={\v{C}ernikov, Sergei N.},
	journal={Doklady Akademiia Nauk SSSR},
	volume = {152},
	year = {1963},
	pages ={1075--1078},
  Comment={English translation in Soviet Mathematics, Doklady vol. 4, No.5 (1963), pp. 1520--1524}
}

@inbook{duffin74,
  title={On {F}ourier's analysis of linear inequality systems},
  author={Duffin, Richard J.},
  booktitle={Pivoting and Extension}, 
  pages={71--95},
  year={1974},
  publisher={Springer}
}

@inproceedings{imbert93,
  title={{F}ourier's Elimination: Which to Choose?},
  author={Imbert, Jean-Louis},
  year={1993},
	bookTitle={Proceedings of the First workshop on Principles and Practice of Constraint Programming}, 
	pages={117-�129}
}

@article{chandru93,
  title={Variable elimination in linear constraints},
  author={Chandru, Vijay},
  journal={The Computer Journal},
  volume={36},
  number={5},
  pages={463--472},
  year={1993},
  publisher={Br Computer Soc}
}

@inCollection{lassez93,
 author = {Lassez, Jean-Louis and Huynh, Tien and McAloon, Ken},
 title = {Simplification and Elimination of Redundant Linear Arithmetic Constraints},
 booktitle = {Constraint Logic Programming},
 editor = {Benhamou, Fr{\'e}d{\'e}ric and Colmerauer, Alain},
 year = {1993},
 isbn = {0-262-02353-9},
 pages = {73--87},
 numpages = {15},
 url = {http://dl.acm.org/citation.cfm?id=164501.164510},
 acmid = {164510},
 publisher = {MIT Press},
 address = {Cambridge, MA, USA},
}

@article{huynh92,
  title={Practical issues on the projection of polyhedral sets},
  author={Huynh, Tien and Lassez, Catherine and Lassez, Jean-Louis},
  journal={Annals of mathematics and artificial intelligence},
  volume={6},
  number={4},
  pages={295--315},
  year={1992},
  publisher={Springer}
}

@article{telgen83,
  title={Identifying redundant constraints and implicit equalities in systems of linear constraints},
  author={Telgen, Jan},
  journal={Management Science},
  volume={29},
  number={10},
  pages={1209--1222},
  year={1983},
  publisher={INFORMS}
}

@book{karwan83,
	title="Redundancy in Mathematical Programming. A State-of-the-Art Survey",
	author="Karwan, Mark H.  and Lotfi, Vahid and Telgen, Jan and Zionts, Stanley",
	series="Lecture Notes in Economics and Mathematical Systems",
	volume ="206",
	year = "1983",
	publisher = "Springer-Verlag Berlin Heidelberg"
}

@techreport {marechal16,
title = {Efficient Elimination of Redundancies in Polyhedra using Raytracing},
author = {Alexandre Mar�chal, Micha�l P�rin},
institution = {{Verimag} Research Report},
number = {6},
year = {2016}
}

@article{mattheiss73,
  title={An algorithm for determining irrelevant constraints and all vertices in systems of linear inequalities},
  author={Mattheiss, Theodore H.},
  journal={Operations Research},
  volume={21},
  number={1},
  pages={247--260},
  year={1973},
  publisher={INFORMS}
}

@book{Martin99,
  title = "Large scale linear and integer optimization:  a unified approach",
  author = "Martin, Richard Kipp",
  publisher = "Kluwer",
  isbn = "978-0-7923-8202-7",
  year = 1999
}



@book{ziegler95,
   title = "Lectures on polytopes",
   author = "Ziegler, G{\"u}nter M.",
   series = "Graduate texts in mathematics",
   publisher = "Springer",
   address = "New York",
   volume= "152",
   isbn = "0-387-94329-3",
   year = 1995
}
   
@article{andersen95,
  title={Presolving in linear programming},
  author={Andersen, Erling D. and Andersen, Knud D.},
  journal={Mathematical Programming},
  volume={71},
  number={2},
  pages={221--245},
  year={1995},
  publisher={Springer}
}

@inBook{numAnalysis,
	title={Numerical Linear Algebra},
	author={Trefenthen, Lloyd N. and Bau III, David},
	chapter={Lecture 12: Conditioning and Condition number},
	year ={2007},
	publisher={Society for Industrial and Applied Mathematics (SIAM)}
}

@book{maros,
	title ="Computational Techniques of the Simplex Method",
	chapter =  "LP Preprocessing",
	author="Maros, Istvan",
	year = "2003",
	publisher = "Springer US",
	volume = "61",
	series = "International Series in Operations Research \& Management Science"
}

@article{brearley75,
  title={Analysis of mathematical programming problems prior to applying the simplex algorithm},
  author={Brearley, A. L. and Mitra, G. and Williams, H. P.},
  journal={Mathematical programming},
  volume={8},
  number={1},
  pages={54--83},
  year={1975},
  publisher={Springer}
}

@Book{williams,
  author = 	 {H.~P. Williams},
  title = 	 {Model Building in Mathematical Programming},
  publisher = 	 {Wiley},
  year = 	 2007
}

@techreport{jones04,
  title={Equality set projection: A new algorithm for the projection of polytopes in halfspace representation},
  author={Jones, Colin and Kerrigan, Eric C. and Maciejowski, Jan},
  year={2004},
  institution={Cambridge University Engineering Dept}
}

@inproceedings{howe12,
  title={Polyhedral analysis using parametric objectives},
  author={Howe, Jacob M. and King, Andy},
  booktitle={International Static Analysis Symposium},
  pages={41--57},
  year={2012},
  organization={Springer}
}

@article{bastrakov15,
  title={Fast method for verifying {C}hernikov rules in {F}ourier-{M}otzkin elimination},
  author={Bastrakov, S.I. and Zolotykh, N. Yu.},
  journal={Computational Mathematics and Mathematical Physics},
  volume={55},
  number={1},
  pages={160--167},
  year={2015},
  publisher={Springer}
}

@article{mine06,
  title={The octagon abstract domain},
  author={Min{\'e}, Antoine},
  journal={Higher-order and symbolic computation},
  volume={19},
  number={1},
  pages={31--100},
  year={2006},
  publisher={Springer}
}

@inproceedings{halbwachs03,
  title={Cartesian factoring of polyhedra in linear relation analysis},
  author={Halbwachs, Nicolas and Merchat, David and Parent-Vigouroux, Catherine},
  booktitle={International Static Analysis Symposium},
  pages={355--365},
  year={2003},
  organization={Springer}
}

@misc{polylib,
  key = {Polylib library},
	title = {Polylib library},
  howpublished = {{http:www.irisa.frpolylib}},
  note = {Accessed: 18-11-2016}
}

@misc{ppl,
  key = {Parma Polyhedra Library},
  title = {Parma Polyhedra Library},
  howpublished = {{http://bugseng.com/products/ppl}},
  note = {Accessed: 18-11-2016}
}

@phdthesis{AlbertosThesis,
  title={Models and Algorithms for Container Vessel Stowage Optimization},
  author={Delgado, Alberto},
  year={2013},
	school ={IT University of Copenhagen}
}

@article{roach00,
author = {I. D. Wilson and P. A. Roach},
title = {Container stowage planning: a methodology for generating computerised solutions},
journal = {Journal of the Operational Research Society},
volume = {51},
number = {11},
pages = {1248-1255},
year  = {2000},
publisher = {Taylor & Francis},
}

@article{kimkang02,
author = {J.-G. Kang and Y.-D. Kim},
title = {Stowage planning in maritime container transportation},
journal = {Journal of the Operational Research Society},
volume = {53},
number = {4},
pages = {415-426},
year  = {2002},
publisher = {Taylor & Francis},
}

@article{ambrosino04,
title = "Stowing a containership: the master bay plan problem",
author = "Daniela Ambrosino and Anna Sciomachen and Elena Tanfani",
journal = "Transportation Research Part A: Policy and Practice",
volume = "38",
number = "2",
pages = "81 - 99",
year = "2004",
issn = "0965-8564",
}

@article{zurheide13,
  title={A revenue management slot allocation model for liner shipping networks},
  author={Zurheide, Sebastian and Fischer, Kathrin},
  journal={Maritime Economics \& Logistics},
  volume={15},
  number={4},
  pages={523},
  year={2013},
  publisher={Palgrave Macmillan}
}

@article{pacino12,
  title     = "An accurate model for seaworthy container vessel stowage planning with ballast tanks",
  author    = "Pacino, Dario and Delgado-Ortegon, Alberto and Jensen, {Rune M.} and Bebbington, Tom",
  year      = "2012",
  doi       = "10.1007/978-3-642-33587-7_2",
  journal   = "Lecture Notes in Computer Science",
  issn      = "0302-9743",
  publisher = "Springer",
}


@inproceedings{pacino11,
title = "Fast Generation of Near-Optimal Plans for Eco-Efficient Stowage of Large Container Vessels", 
author = "Dario Pacino and Alberto Delgado and {Rune M.} Jensen and Tom Bebbington", 
year = "2011",
pages = "286--301",
booktitle = "Proceedings of the 2nd International Conference on Computational Logistics (ICCL'11)", 
publisher = "Springer"
}

@phdthesis{DariosThesis,
  title     = "Fast Generation of Container Vessel Stowage Plans: using mixed integer programming for optimal master planning and constraint based local search for slot planning",
  author    = "Dario Pacino",
  year      = "2012",
  school = "IT University of Copenhagen",
}


@InProceedings{delgado09,
author="Delgado, Alberto
and Jensen, Rune M{\o}ller
and Schulte, Christian",
editor="Gent, Ian P.",
title="Generating Optimal Stowage Plans for Container Vessel Bays",
booktitle="Principles and Practice of Constraint Programming - CP 2009",
year="2009",
publisher="Springer Berlin Heidelberg",
pages="6--20",
isbn="978-3-642-04244-7"
}

@InProceedings{low09,
author = "Low, Malcolm Yoke Hean and Xiao, Xiantao and Liu, Fan and Huang, Shell Ying and Hsu, Wen Jing and Li, Zhengping", 
title = "An Automated Stowage Planning System for Large Containerships",
booktitle = "Proceedings of the 4th Virtual International Conference on Intelligent Production Machines and Systems",
year = "2009"
}

@phdthesis{fouilhe,
  title     = "Revisiting the abstract domain of polyhedra: constraints-only representation and formal proof",
  author    = "Fouilh{\'e}, Alexis",
  year      = "2015",
  school = "Universit{\'e} Grenoble Alpes",
}

@article{jones08,
  title={On polyhedral projection and parametric programming},
  author={Jones, C.N. and Kerrigan, E.C. and Maciejowski, J.M.},
  journal={Journal of Optimization Theory and Applications},
  volume={138},
  number={2},
  pages={207--220},
  year={2008},
  publisher={Springer}
}

@inCollection{simon05,
	author="Simon, Axel and King, Andy",
	editor="Hankin, Chris and Siveroni, Igor",
	title="Exploiting Sparsity in Polyhedral Analysis",
	bookTitle="Proceedings of the 12th International Symposium in Static Analysis (SAS)",
	year="2005",
	publisher="Springer Berlin Heidelberg",
	pages="336--351",
	isbn="978-3-540-31971-9",
}

@article{lukatskii08,
  title={A constructive algorithm for folding large-scale systems of linear inequalities},
  author={Lukatskii, Alexander M. and Shapot, Demetrius V.},
  journal={Computational Mathematics and Mathematical Physics},
  volume={48},
  number={7},
  pages={1100--1112},
  year={2008},
  publisher={Springer}
}

@article{shapot12,
  title={Solution Building for Arbitrary System of Linear Inequalities in an Explicit Form},
  author={Shapot, Demetrius V. and Lukatskii, Alexander M.},
  journal={American Journal of Computational Mathematics},
  volume={2},
  number={01},
  pages={1},
  year={2012},
  publisher={Scientific Research Publishing}
}

@inproceedings{kessler96,
  title={Parallel {F}ourier-{M}otzkin Elimination},
  author={Ke{\ss}ler, Christoph W.},
  bookTitle={Proceedings of the Second International Euro-Par Conference on Parallel Processing-Volume II},
  pages={66--71},
  year={1996},
  organization={Springer-Verlag}
}

@article{jaffar93,
  title={Projecting {CLP(R)} constraints},
  author={Jaffar, Joxan and Maher, Michael J. and Stuckey, Peter J. and Yap, Roland H.C.},
  journal={New Generation Computing},
  volume={11},
  number={3-4},
  pages={449--469},
  year={1993},
  publisher={Springer}
}

@article{simon10,
  title={Speeding up Polyhedral Analysis by Identifying Common Constraints},
  author={Simon, Axel},
  journal={Electronic Notes in Theoretical Computer Science},
  volume={267},
  number={1},
  pages={127--138},
  year={2010},
  publisher={Elsevier}
}

@inproceedings{lassez90,
  title={Querying Constraints},
  author={Lassez, Jean-Louis},
  booktitle={Proceedings of the ninth ACM SIGACT-SIGMOD-SIGART symposium on Principles of database systems (PODS)},
  pages={288--298},
  year={1990},
  organization={ACM}
}

@inproceedings{jaffar92,
  title={Output in {CLP}},
  author={Jaffar, Joxan and Maher, Michael J. and Stuckey, Peter J. and Yap, Roland H.C.},
  booktitle={Proceedings of the International Conference on Fifth Generation Computer Systems (FGCS)},
  pages={987--995},
  year={1992}
}

@inproceedings{monniaux10,
author="Monniaux, David",
editor="Touili, Tayssir and Cook, Byron and Jackson, Paul",
title="Quantifier Elimination by Lazy Model Enumeration",
bookTitle="Proceedings of the 22nd International Conference on Computer-aided verification",
year="2010",
publisher="Springer Berlin Heidelberg",
pages="585--599",
}

@book{lassezlassez,
  title={Quantifier Elimination for Conjunctions of Linear Constraints Via a Convex Hull Algorithm},
  author={Lassez, Catherine and Lassez, Jean-Louis},
  year={1990},
  publisher={IBM Thomas J. Watson Research Division}
}

@article{benoy05,
  title={Computing convex hulls with a linear solver},
  author={Benoy, Florence and King, Andy and Mesnard, Fred},
  journal={Theory and Practice of Logic Programming},
  volume={5},
  number={1-2},
  pages={259--271},
  year={2005},
  publisher={Cambridge University Press}
}

@inproceedings{imbert90,
  title={About Redundant Inequalities Generated by {Fourier's} Algorithm},
  author={Imbert, Jean-Louis},
  booktitle={Proceedings of the Fourth International Conference on Artificial Intelligence (AIMSA'90)},
  pages={117--127},
	editor={P. Jorrand},
  year={1990}
}

@inproceedings{cousot78,
  title={Automatic discovery of linear restraints among variables of a program},
  author={Cousot, Patrick and Halbwachs, Nicolas},
  booktitle={Proceedings of the 5th ACM symposium on Principles of Programming Languages},
  pages={84--96},
  year={1978},
  organization={ACM}
}

@Book{JPAV18,
author = {Jensen, Rune M.  and Pacino, Dario and Ajspur, Mai L. and Vesterdal, Claus},
title = {Container Vessel Stowage Planning},
publisher = {Weilbach},
year = {2018}
}

@inProceedings{ICCL18,
author = {Jensen, Rune M. and Ajspur, Mai L.},
year = {2018},
pages = {175-190},
title = {The Standard Capacity Model: Towards a Polyhedron Representation of Container Vessel Capacity},
booktitle = {Proceedings of the 9th International Conference on Computational Logistics (ICCL 2018)},
isbn = {978-3-030-00897-0},
publisher = {Springer, Cham},
editor = {Cerulli, R. and Raiconi, A. and Voss, S.},
}
